<?xml version="1.0" encoding="UTF-8"?><collection xmlns="http://www.loc.gov/MARC21/slim"><record><leader>00389nam--2200133-i-4500</leader><controlfield tag="001">000011587</controlfield><controlfield tag="002">20161230</controlfield><controlfield tag="005">20161230201029</controlfield><controlfield tag="008">060222s1000------------r-----000-0-eng-d</controlfield><datafield ind1=" " ind2=" " tag="080"><subfield code="a">517.5:621.317</subfield></datafield><datafield ind1=" " ind2=" " tag="100"><subfield code="a">Bogdan, Radu C. Si Larionescu, Dan</subfield></datafield><datafield ind1=" " ind2=" " tag="245"><subfield code="a">Analiza armonica complexa si mecanoelectrica a mecanismelor plane</subfield></datafield><datafield ind1=" " ind2=" " tag="260"><subfield code="a">Bucuresti, Ed.Acad.R.S.R., 1968. 432 P</subfield></datafield><datafield ind1=" " ind2=" " tag="852"><subfield code="a">42481</subfield></datafield></record></collection>